<?xml version="1.0" encoding="UTF-8"?><collection xmlns="http://www.loc.gov/MARC21/slim"><record><leader>00285nam--2200097-i-4500</leader><controlfield tag="001">000013479</controlfield><controlfield tag="002">20161230</controlfield><controlfield tag="005">20161230201030</controlfield><controlfield tag="008">060222s1000------------r-----000-0-eng-d</controlfield><datafield ind1=" " ind2=" " tag="245"><subfield code="a">Collection securite</subfield></datafield><datafield ind1=" " ind2=" " tag="260"><subfield code="a">(Safety Series) Nr.14: Principes Fondamentaux Du Controle Radiologique Du Personnel</subfield></datafield></record></collection>